<record><leader>00000cas a2200000 a 4500</leader><controlfield tag="001">9987934</controlfield><controlfield tag="008">831006d18871946nyuwr ne      0    0eng c</controlfield><datafield ind1=" " ind2=" " tag="010"><subfield code="a">sn 83031821 </subfield></datafield><datafield ind1=" " ind2=" " tag="040"><subfield code="a">NPU</subfield><subfield code="b">eng</subfield><subfield code="c">NPU</subfield><subfield code="d">NYS</subfield><subfield code="d">OCLCQ</subfield><subfield code="d">OCLCF</subfield><subfield code="d">OCLCO</subfield></datafield><datafield ind1="1" ind2=" " tag="029"><subfield code="a">AU@</subfield><subfield code="b">000020287037</subfield></datafield><datafield ind1=" " ind2=" " tag="042"><subfield code="a">pcc</subfield></datafield><datafield ind1=" " ind2=" " tag="043"><subfield code="a">n-us-ny</subfield></datafield><datafield ind1="0" ind2="0" tag="245"><subfield code="a">Tarrytown press-record.</subfield></datafield><datafield ind1=" " ind2=" " tag="260"><subfield code="a">Tarrytown, N.Y. :</subfield><subfield code="b">Tarrytown Pub. Co.</subfield></datafield><datafield ind1=" " ind2=" " tag="300"><subfield code="a">v. :</subfield><subfield code="b">ill. ;</subfield><subfield code="c">53-72 cm.</subfield></datafield><datafield ind1=" " ind2=" " tag="310"><subfield code="a">Weekly</subfield></datafield><datafield ind1="1" ind2=" " tag="362"><subfield code="a">Began in 1887.</subfield><subfield code="z">Cf. Gregory, Amer. newspapers.</subfield></datafield><datafield ind1="0" ind2=" " tag="362"><subfield code="a">-v. 60, no. 5 (May 17, 1946).</subfield></datafield><datafield ind1=" " ind2=" " tag="500"><subfield code="a">Issue for June 13, 1894 is an extra edition on history of Dobbs Ferry.</subfield></datafield><datafield ind1=" " ind2=" " tag="500"><subfield code="a">"Our fiftieth anniversary" edition: Vol. 50, no. 52 (Feb. 26, 1937).</subfield></datafield><datafield ind1=" " ind2=" " tag="500"><subfield code="a">"A Community Newspaper Published in the Interests of Residents and Merchants of Tarrytown and North Tarrytown."</subfield></datafield><datafield ind1=" " ind2=" " tag="500"><subfield code="a">"The People's Paper."</subfield></datafield><datafield ind1=" " ind2=" " tag="500"><subfield code="a">"Sucessor to the Sunnyside Press and Record of the Times."</subfield></datafield><datafield ind1=" " ind2=" " tag="515"><subfield code="a">Issues follow sequence of The Sunnyside Press, i.e. first number is Vol. 7, no. 21.</subfield></datafield><datafield ind1=" " ind2=" " tag="530"><subfield code="a">Available on microfilm from Graphic Microfilm Corp. New York, N.Y. and Washington, D.C.</subfield></datafield><datafield ind1=" " ind2=" " tag="580"><subfield code="a">Merger of: The sunnyside press, and: Record of the times.</subfield></datafield><datafield ind1=" " ind2=" " tag="588"><subfield code="a">Description based on: Vol. 7, no. 21 (July 8, 1893).</subfield></datafield><datafield ind1=" " ind2="0" tag="651"><subfield code="a">Sleepy Hollow (N.Y.)</subfield><subfield code="v">Newspapers.</subfield></datafield><datafield ind1=" " ind2="0" tag="651"><subfield code="a">Tarrytown (N.Y.)</subfield><subfield code="v">Newspapers.</subfield></datafield><datafield ind1=" " ind2="0" tag="651"><subfield code="a">Westchester County (N.Y.)</subfield><subfield code="v">Newspapers.</subfield></datafield><datafield ind1=" " ind2="7" tag="655"><subfield code="a">Newspapers.</subfield><subfield code="2">fast</subfield><subfield code="0">(OCoLC)fst01423814</subfield></datafield><datafield ind1=" " ind2="7" tag="651"><subfield code="a">New York (State)</subfield><subfield code="z">Sleepy Hollow.</subfield><subfield code="2">fast</subfield><subfield code="0">(OCoLC)fst01284786</subfield></datafield><datafield ind1=" " ind2="7" tag="651"><subfield code="a">New York (State)</subfield><subfield code="z">Tarrytown.</subfield><subfield code="2">fast</subfield><subfield code="0">(OCoLC)fst01205443</subfield></datafield><datafield ind1=" " ind2="7" tag="651"><subfield code="a">New York (State)</subfield><subfield code="z">Westchester County.</subfield><subfield code="2">fast</subfield><subfield code="0">(OCoLC)fst01202684</subfield></datafield><datafield ind1=" " ind2=" " tag="752"><subfield code="a">United States</subfield><subfield code="b">New York</subfield><subfield code="c">Westchester</subfield><subfield code="d">Tarrytown.</subfield></datafield><datafield ind1="1" ind2="4" tag="780"><subfield code="t">Sunnyside press</subfield><subfield code="w">(DLC)sn 83031823</subfield><subfield code="w">(OCoLC)9988019</subfield></datafield><datafield ind1="1" ind2="4" tag="780"><subfield code="t">Record of the times (Tarrytown, N.Y.)</subfield><subfield code="w">(DLC)sn2001063812</subfield><subfield code="w">(OCoLC)48540879</subfield></datafield></record>